<record><leader>00000cas a22000007a 4500</leader><controlfield tag="001">10266695</controlfield><controlfield tag="008">840105d18671909njudn ne      0    0eng d</controlfield><datafield ind1=" " ind2=" " tag="010"><subfield code="a">sn 84026060 </subfield></datafield><datafield ind1=" " ind2=" " tag="040"><subfield code="a">NPU</subfield><subfield code="b">eng</subfield><subfield code="c">NPU</subfield><subfield code="d">NPX</subfield><subfield code="d">NPA</subfield><subfield code="d">NJW</subfield><subfield code="d">OCLCQ</subfield></datafield><datafield ind1=" " ind2=" " tag="042"><subfield code="a">msc</subfield></datafield><datafield ind1="0" ind2=" " tag="130"><subfield code="a">Evening journal (Jersey City, N.J.)</subfield></datafield><datafield ind1="1" ind2="4" tag="245"><subfield code="a">The evening journal.</subfield></datafield><datafield ind1=" " ind2=" " tag="260"><subfield code="a">Jersey City, N.J. :</subfield><subfield code="b">Pangborn, Dunning &amp; Dear,</subfield><subfield code="c">1867-1909.</subfield></datafield><datafield ind1=" " ind2=" " tag="300"><subfield code="a">v. :</subfield><subfield code="b">ill. ;</subfield><subfield code="c">64 cm.</subfield></datafield><datafield ind1=" " ind2=" " tag="310"><subfield code="a">Daily (except Sun.)</subfield></datafield><datafield ind1="0" ind2=" " tag="362"><subfield code="a">Vol. 1, no. 1 (May 2, 1867)-v. 43, no. 123 (Sept. 25, 1909).</subfield></datafield><datafield ind1=" " ind2=" " tag="500"><subfield code="a">Publishers: Pangborn &amp; Dunning, 1867-1868; Pangborn, Dunning &amp; Dear, 1868-1877; Evening Journal Association, 1877-1909.</subfield></datafield><datafield ind1=" " ind2=" " tag="500"><subfield code="a">Editor: Zebina Kellogg Pangborn, 1867-&lt;1884&gt;.</subfield></datafield><datafield ind1=" " ind2=" " tag="530"><subfield code="a">Also issued on microfilm as part of the Civil War newspapers collection.</subfield></datafield><datafield ind1=" " ind2=" " tag="752"><subfield code="a">United States</subfield><subfield code="b">New Jersey</subfield><subfield code="c">Hudson</subfield><subfield code="d">Jersey City.</subfield></datafield><datafield ind1="0" ind2="0" tag="785"><subfield code="t">Jersey journal</subfield><subfield code="w">(DLC)sn 84020453</subfield><subfield code="w">(OCoLC)10806416</subfield></datafield><datafield ind1="1" ind2=" " tag="029"><subfield code="a">AU@</subfield><subfield code="b">000025839648</subfield></datafield></record>